@book{1999estatistica,
  title={Métodos Quantitativos, Estatistica Básica},
  author={BUSSAB, W.O. and MORETTIN, P.A.},
  edition={4a ed},
  isbn={8570567162},
  year={1999},
  publisher={Atual}
}
